@book{latex,
  title = {LaTeX : A Documentation Preparation System User's Guide and Reference Manual},
  publisher = {Addison-Wesley Professional},
  year = {1994},
  author = {Leslie Lamport}
}

@book{hebb,
	author = {D. O. Hebb},
	title = {The Organization of Behavior},
	date = {1949},
	OPTsubtitle = {A Neuropsychological Theory},
	OPTisbn = {978-0805843002},
	OPTpublisher = {Wiley}, 
	OPTurl = {http://s-f-walker.org.uk/pubsebooks/pdfs/The_Organization_of_Behavior-Donald_O._Hebb.pdf},
}
@ARTICLE{farleyclark,
	author={B. Farley and W. Clark},
	journal={Transactions of the IRE Professional Group on Information Theory},
	title={Simulation of self-organizing systems by digital computer},
	year={1954},
	volume={4},
	number={4},
	pages={76-84},
	keywords={Computational modeling;Computer simulation;Contracts;Equations;Information systems;Laboratories;Mechanical factors;Organizing;TV;Tellurium;Time measurement;Transforms},
	doi={10.1109/TIT.1954.1057468},
	ISSN={2168-2690},
	month={September},}

@ARTICLE{moore,
	author={G. E. Moore},
	journal={IEEE Solid-State Circuits Society Newsletter},
	title={Cramming more components onto integrated circuits, Reprinted from Electronics, volume 38, number 8, April 19, 1965, pp.114 ff.},
	year={2006},
	volume={11},
	number={3},
	pages={33-35},
	keywords={Computers;Data mining;Films;Heating;Integrated circuits;Microwave amplifiers;Silicon},
	doi={10.1109/N-SSC.2006.4785860},
	ISSN={1098-4232},
	month={Sept},}

@ARTICLE{nntutorial,
	author={A. K. Jain and Jianchang Mao and K. M. Mohiuddin},
	journal={Computer},
	title={Artificial neural networks: a tutorial},
	year={1996},
	volume={29},
	number={3},
	pages={31-44},
	keywords={character recognition;neural nets;neurophysiology;ANN application;artificial computational model;artificial neural networks;basic biological neuron;character recognition;interconnected simple processors;learning processes;massively parallel systems;network architectures;Artificial neural networks;Biological neural networks;Biological system modeling;Biology computing;Computer architecture;Concurrent computing;Humans;Integrated circuit interconnections;Parallel processing;Tutorial},
	doi={10.1109/2.485891},
	ISSN={0018-9162},
	month={Mar},}

@online{sigmoid,
	url = {https://i.stack.imgur.com/t2mC3.png}
}
@online{analogyneurons,
	title = {Analogy-between-artificial-neuron-and-biological-neuron},
	url = {https://www.researchgate.net/profile/Carmen_Galan2/publication/7947079/figure/fig1/AS:277631451844608@1443203904065/Fig-1-Analogy-between-artificial-neuron-and-biological-neuron.png},
}
@online{artificialneuron,
	url ={ https://en.wikipedia.org/wiki/Artificial_neuron#/media/File:Artificial_neuron.png}
}
@online{ffnn,
	title = {Feed Forward Neural Network},
	url = {http://www.aman.site/img/in-post/DeepLearning_neural_network/a-feed-forward-neural-network.png}
}
@online{rnn,
	title = {Recurrent Neural Network},
	url = {
	https://i.stack.imgur.com/KmrmP.png
	}	
}
@INPROCEEDINGS{circlehough,
	author={D. J. Kerbyson and T. J. Atherton},
	booktitle={Fifth International Conference on Image Processing and its Applications, 1995.},
	title={Circle detection using Hough transform filters},
	year={1995},
	volume={},
	number={},
	pages={370-374},
	keywords={Hough transforms;convolution;edge detection;filtering theory;-16 dB;-25 dB;Hough transform filters;SNR;circle Hough transform;circle detection;complex phase;complex vector CHT;convolution operations;edge orientation;edge point distance;orientation;parameter space;positional accuracy;signal to noise ratios},
	doi={10.1049/cp:19950683},
	ISSN={},
	month={Jul},}
@online{hough0,
	title = {title},
	url = {http://www.aishack.in/static/img/tut/circles.gif}
}
@online{hough1,
	title = {title},
	url = {http://www.aishack.in/static/img/tut/circle_edges.jpg}
}
@online{hough2,
	title = {title},
	url = {http://www.aishack.in/static/img/tut/circlehough_explanation.jpg}
}
@online{hough3,
title = {title},
url = {http://www.aishack.in/static/img/tut/hough_circle.jpg}
}

